@article{macedo2021real,
  title     = {Real-time information systems for public transport: User perspective},
  author    = {Macedo, Elo{\'\i}sa and Teixeira, Jo{\~a}o and Sampaio, Carlos and Silva, N{\'e}lia and Coelho, Margarida C and Glinos, Myrsini and Bandeira, Jorge M},
  journal   = {Transportation Research Procedia},
  volume    = {52},
  pages     = {732--739},
  year      = {2021},
  publisher = {Elsevier}
}

@inproceedings{abarca2024system,
  author    = {Abarca, Fabián and Murillo, David and Segura, David and Vargas, Josué and Cordero, Adrián and Murillo, Edson and Núñez, Gustavo and Coto, Marvin},
  booktitle = {XLII Convención IEEE de Centroamérica y Panamá (CONCAPAN)},
  date      = {2024},
  title     = {A System-Level Design for a Public Transportation Information System in Costa Rica}
}

@conference{abarca2024recoleccion,
  author     = {Abarca, Fabián and Cordero, Adrián and Murillo, Edson},
  booktitle  = {Revista Ingeniería},
  date       = {2024},
  title      = {Recolección en tiempo real de datos de telemetría y rastreo en el transporte público},
  eventtitle = {VI Jornadas de Investigación 2024}
}
